symbol,fiscalDateEnding,totalRevenue,grossProfit,operatingIncome,netIncome,grossMargin,operatingMargin,netMargin
AAPL,2025-09-30,102466000000,48341000000,32427000000,27466000000,0.47177600374758455,0.3164659496808698,0.2680498897195167
AAPL,2025-06-30,94036000000,43718000000,28202000000,23434000000,0.4649070568718363,0.2999064188183249,0.24920243311072354
AAPL,2025-03-31,95359000000,44867000000,29589000000,24780000000,0.47050619238876246,0.31029058610094484,0.25986010759341016
AAPL,2024-12-31,124300000000,58275000000,42832000000,36330000000,0.4688254223652454,0.34458567980691873,0.2922767497988737
AAPL,2024-09-30,94930000000,43879000000,29591000000,14736000000,0.4622247972190035,0.31171389444854103,0.15523016959865163
AAPL,2024-06-30,85777000000,39678000000,25352000000,21448000000,0.462571551814589,0.29555708406682446,0.25004371801298714
AAPL,2024-03-31,90753000000,42271000000,27900000000,23636000000,0.46578074554009236,0.30742785362467356,0.26044318094167684
AAPL,2023-12-31,119575000000,54855000000,40373000000,33916000000,0.4587497386577462,0.337637466025507,0.2836378841731131
AAPL,2023-09-30,89498000000,40427000000,26969000000,22956000000,0.4517084180652082,0.30133634271156895,0.25649735189613176
AAPL,2023-06-30,81797000000,36413000000,22998000000,19881000000,0.44516302553883397,0.2811594557257601,0.24305292370135825
AAPL,2023-03-31,94836000000,41976000000,28318000000,24160000000,0.44261672782487665,0.2985996878822388,0.25475557805052934
AAPL,2022-12-31,117154000000,50332000000,36016000000,29998000000,0.42962254809908323,0.30742441572630896,0.2560561312460522
AAPL,2022-09-30,90146000000,38095000000,24894000000,20721000000,0.4225922392563175,0.27615202005635303,0.22986044860559537
AAPL,2022-06-30,82959000000,35885000000,23076000000,19442000000,0.4325630733253776,0.2781615014645789,0.2343567304331055
AAPL,2022-03-31,97278000000,42559000000,29979000000,25010000000,0.437498715022924,0.30817862209338187,0.25709821336787353
AAPL,2021-12-31,123945000000,54243000000,41488000000,34630000000,0.43763766186615033,0.3347291137197951,0.2793981201339304
AAPL,2021-09-30,83360000000,35174000000,23786000000,20551000000,0.4219529750479846,0.28534069097888676,0.2465331094049904
AAPL,2021-06-30,81434000000,35255000000,24126000000,21744000000,0.4329272785323084,0.296264459562345,0.2670137780288332
AAPL,2021-03-31,89584000000,38079000000,27503000000,23630000000,0.4250647437042329,0.30700794784783,0.2637747812109305
AAPL,2020-12-31,111439000000,44328000000,33534000000,28755000000,0.39777815665969724,0.30091799100853384,0.25803354301456405
AAPL,2020-09-30,64698000000,24689000000,14775000000,12673000000,0.3816037590033695,0.2283687285542057,0.19587931620761073
AAPL,2020-06-30,59685000000,22680000000,13091000000,11253000000,0.3799949736114602,0.21933484124989527,0.18853983412917819
AAPL,2020-03-31,58313000000,22370000000,12853000000,11249000000,0.3836194330595236,0.22041397287054346,0.1929072419529093
AAPL,2019-12-31,91819000000,35217000000,25569000000,22236000000,0.38354806739345887,0.2784717759940753,0.2421720994565395
AAPL,2019-09-30,64040000000,24313000000,15625000000,13686000000,0.3796533416614616,0.2439881324172392,0.2137101811367895
AAPL,2019-06-30,53809000000,20227000000,11544000000,10044000000,0.37590365923916075,0.2145366016837332,0.18666022412607555
AAPL,2019-03-31,58015000000,21821000000,13415000000,11561000000,0.37612686374213566,0.2312333017323106,0.19927604929759546
AAPL,2018-12-31,84310000000,32031000000,23346000000,19965000000,0.3799193452733958,0.27690665401494485,0.23680464950776894
AAPL,2018-09-30,62900000000,24084000000,16118000000,14125000000,0.38289348171701115,0.256248012718601,0.22456279809220986
AAPL,2018-06-30,53265000000,20421000000,12612000000,11519000000,0.38338496198254013,0.23677837228949591,0.21625833098657654
AAPL,2018-03-31,61137000000,23422000000,15894000000,13822000000,0.38310679294044525,0.2599735021345503,0.22608240509020724
AAPL,2017-12-31,88293000000,33912000000,26274000000,20065000000,0.384084808535218,0.29757738439060855,0.22725470875380835
AAPL,2017-09-30,52579000000,19931000000,13120000000,10714000000,0.3790676886209323,0.24952927975047073,0.20376956579623043
AAPL,2017-06-30,45408000000,17488000000,10768000000,8717000000,0.38513037350246654,0.23713883016208598,0.19197057787174066
AAPL,2017-03-31,52896000000,20591000000,14097000000,11029000000,0.38927329098608593,0.2665040834845735,0.20850347852389595
AAPL,2016-12-31,78351000000,30176000000,23359000000,17891000000,0.38513867085295656,0.2981327615473957,0.22834424576584855
AAPL,2016-09-30,46852000000,17813000000,11761000000,9014000000,0.380197216767694,0.2510245026893196,0.19239306753180227
AAPL,2016-06-30,42358000000,16106000000,10105000000,7796000000,0.38023513858066954,0.23856178289815383,0.18405023844374144
AAPL,2016-03-31,50557000000,19921000000,13987000000,10516000000,0.39403050022746605,0.27665802955080404,0.2080028482702692
AAPL,2015-12-31,75872000000,30423000000,24171000000,18361000000,0.4009779628848587,0.31857602277520036,0.24199968367777308
AAPL,2015-09-30,51501000000,20548000000,14623000000,11124000000,0.39898254402827127,0.28393623424787867,0.21599580590668144
AAPL,2015-06-30,49605000000,19681000000,14083000000,10677000000,0.3967543594395726,0.2839028323757686,0.21524039915331117
AAPL,2015-03-31,58010000000,23656000000,18278000000,13569000000,0.4077917600413722,0.3150836062747802,0.2339079469057059
AAPL,2014-12-31,74599000000,29741000000,24246000000,18024000000,0.3986782664646979,0.3250177616321935,0.24161181785278624
AAPL,2014-09-30,42123000000,16009000000,11165000000,8467000000,0.38005365239892697,0.26505709469885813,0.20100657597986848
AAPL,2014-06-30,37432000000,14735000000,10282000000,7748000000,0.3936471468262449,0.2746847617012182,0.2069886727933319
AAPL,2014-03-31,45646000000,17947000000,13593000000,10223000000,0.3931779345397187,0.2977917013538974,0.22396266923717303
AAPL,2013-12-31,57594000000,21846000000,17463000000,13072000000,0.3793103448275862,0.3032086675695385,0.2269680869535021
AAPL,2013-09-30,37472000000,13871000000,10030000000,7512000000,0.3701697267292912,0.2676665243381725,0.20046968403074295
AAPL,2013-06-30,35323000000,13024000000,9201000000,6900000000,0.36871160433711747,0.2604818390283951,0.19534014664666083
AAPL,2013-03-31,43603000000,16349000000,12558000000,9547000000,0.37495126482122787,0.2880077058917964,0.2189528243469486
AAPL,2012-12-31,54512000000,21060000000,17210000000,13078000000,0.3863369533313766,0.3157103023187555,0.2399104784267684
AAPL,2012-09-30,37472000000,13871000000,10030000000,7512000000,0.3701697267292912,0.2676665243381725,0.20046968403074295
AAPL,2012-06-30,35023000000,14994000000,11573000000,8824000000,0.42811866487736633,0.3304399965736802,0.2519487194129572
AAPL,2012-03-31,39186000000,18564000000,15384000000,11622000000,0.4737406216505895,0.3925891900168427,0.2965855152350329
AAPL,2011-12-31,46333000000,20703000000,17340000000,13064000000,0.4468305527377895,0.37424729674314205,0.28195886301340295
AAPL,2011-09-30,28270000000,11380000000,8710000000,6623000000,0.4025468694729395,0.30810045985143264,0.23427661832331093
AAPL,2011-06-30,28571000000,11922000000,9379000000,7308000000,0.41727625914388716,0.32826992404886074,0.25578383675755134
AAPL,2011-03-31,24667000000,10218000000,7874000000,5987000000,0.4142376454372238,0.31921190254185755,0.24271293631167146
AAPL,2010-12-31,26741000000,10298000000,7827000000,6004000000,0.38510152948655624,0.2926966082046296,0.22452413896264165
AAPL,2010-09-30,20343000000,7512000000,5447000000,4308000000,0.36926706975372364,0.26775795113798356,0.2117681757852824
AAPL,2010-06-30,15700000000,6136000000,4234000000,3253000000,0.390828025477707,0.2696815286624204,0.20719745222929936
AAPL,2010-03-31,13499000000,5625000000,3979000000,3074000000,0.41669753315060376,0.29476257500555597,0.22772057189421438
AAPL,2009-12-31,15683000000,6411000000,4725000000,3378000000,0.40878658419945163,0.3012816425428808,0.21539246317668814
AAPL,2009-09-30,9870000000,3614000000,2193000000,1665000000,0.36616008105369807,0.22218844984802433,0.16869300911854104
AAPL,2009-06-30,9734000000,3983000000,2632000000,1828000000,0.409184302445038,0.27039243887404973,0.1877953564824327
AAPL,2009-03-31,9084000000,3627000000,2323000000,1620000000,0.39927344782034346,0.25572435050638487,0.178335535006605
AAPL,2008-12-31,11880000000,4507000000,3101000000,2255000000,0.37937710437710437,0.26102693602693605,0.18981481481481483
AAPL,2008-09-30,7895000000,2739000000,1442000000,1136000000,0.3469284357188094,0.18264724509183028,0.14388853704876503
AAPL,2008-06-30,7464000000,2600000000,1392000000,1072000000,0.3483386923901393,0.1864951768488746,0.14362272240085744
AAPL,2008-03-31,7512000000,2474000000,1315000000,1045000000,0.3293397231096912,0.17505324813631523,0.13911075612353568
AAPL,2007-12-31,9608000000,3332000000,2126000000,1581000000,0.34679433805162363,0.22127393838467943,0.1645503746877602
AAPL,2007-09-30,6217000000,2090000000,1060000000,904000000,0.3361750040212321,0.17050024127392632,0.14540775293549943
AAPL,2007-06-30,5410000000,1995000000,1041000000,818000000,0.3687615526802218,0.1924214417744917,0.15120147874306838
AAPL,2007-03-31,5264000000,1849000000,986000000,770000000,0.3512537993920973,0.18731003039513677,0.14627659574468085
AAPL,2006-12-31,7115000000,2220000000,1322000000,1004000000,0.3120168657765285,0.18580463808854533,0.14111033028812367
AAPL,2006-09-30,4370000000,1412000000,608000000,542000000,0.32311212814645307,0.1391304347826087,0.12402745995423341
AAPL,2006-06-30,4370000000,1325000000,566000000,472000000,0.30320366132723114,0.12951945080091534,0.1080091533180778
AAPL,2006-03-31,4359000000,1297000000,529000000,410000000,0.2975453085570085,0.12135810965817848,0.09405827024546914
AAPL,2005-12-31,5749000000,1564000000,750000000,565000000,0.2720473125761002,0.1304574708644982,0.09827796138458862
AAPL,2005-09-30,3678000000,1035000000,418000000,430000000,0.2814029363784666,0.11364872213159326,0.11691136487221315
GOOGL,2025-09-30,102346000000,60977000000,31228000000,34979000000,0.5957927031833193,0.30512184159615424,0.34177202821800556
GOOGL,2025-06-30,96428000000,57389000000,31271000000,28196000000,0.5951487119923674,0.3242937735927324,0.2924046957315303
GOOGL,2025-03-31,90234000000,53873000000,30606000000,34540000000,0.5970365937451515,0.3391847862224882,0.38278254316554733
GOOGL,2024-12-31,96469000000,55856000000,30972000000,26536000000,0.5790046543449191,0.3210565051985612,0.2750728213208388
GOOGL,2024-09-30,88268000000,51794000000,28521000000,26301000000,0.5867811664476368,0.3231182308424344,0.2979675533602211
GOOGL,2024-06-30,84742000000,49235000000,27425000000,23619000000,0.5809987963465578,0.32362936914399,0.2787165750159307
GOOGL,2024-03-31,80539000000,46827000000,25472000000,23662000000,0.5814201815269621,0.3162691366915407,0.2937955524652653
GOOGL,2023-12-31,86310000000,48735000000,23697000000,20687000000,0.564650677789364,0.27455683003128256,0.2396825396825397
GOOGL,2023-09-30,76693000000,43464000000,21343000000,19689000000,0.5667270806983689,0.27829136948613303,0.25672486406842865
GOOGL,2023-06-30,74604000000,42688000000,21838000000,18368000000,0.5721945204010509,0.2927188890676103,0.2462066377137955
GOOGL,2023-03-31,69787000000,39175000000,17415000000,15051000000,0.5613509679453194,0.24954504420594092,0.21567054035851949
GOOGL,2022-12-31,76048000000,40706000000,18160000000,13624000000,0.5352671996633706,0.2387965495476541,0.17915001051967178
GOOGL,2022-09-30,69092000000,37934000000,17135000000,13910000000,0.5490360678515602,0.24800266311584554,0.20132576854049672
GOOGL,2022-06-30,69685000000,39581000000,19453000000,16002000000,0.5679988519767525,0.279156202913109,0.22963335007533903
GOOGL,2022-03-31,68011000000,38412000000,20094000000,16436000000,0.5647909896928438,0.2954522062607519,0.24166678919586537
GOOGL,2021-12-31,75325000000,42337000000,21885000000,20642000000,0.5620577497510787,0.290540989047461,0.2740391636242947
GOOGL,2021-09-30,65118000000,37497000000,21031000000,18936000000,0.5758315673085783,0.3229675358579809,0.290795171841887
GOOGL,2021-06-30,61880000000,35653000000,19361000000,18525000000,0.5761635423400129,0.312879767291532,0.29936974789915966
GOOGL,2021-03-31,55314000000,31211000000,16437000000,17930000000,0.5642513649347363,0.2971580431717106,0.32414940159814876
GOOGL,2020-12-31,56898000000,30818000000,15651000000,15227000000,0.5416359098738093,0.27507118000632713,0.26761924847973567
GOOGL,2020-09-30,46173000000,25056000000,11213000000,11247000000,0.5426547982587226,0.24284755159941956,0.24358391267623936
GOOGL,2020-06-30,38297000000,19744000000,6383000000,6959000000,0.5155495208501971,0.1666710186176463,0.1817113612032274
GOOGL,2020-03-31,41159000000,22177000000,7977000000,6836000000,0.538812896328871,0.1938093734055735,0.16608761145800433
GOOGL,2019-12-31,46075000000,25055000000,9266000000,10671000000,0.543787303309821,0.20110689093868692,0.23160065111231687
GOOGL,2019-09-30,40499000000,22931000000,9177000000,7068000000,0.5662115113953431,0.2265981876095706,0.17452282772414135
GOOGL,2019-06-30,38944000000,21648000000,9180000000,9947000000,0.5558751027115859,0.23572308956450289,0.2554180361544782
GOOGL,2019-03-31,36339000000,20327000000,6608000000,6657000000,0.5593714741737528,0.18184319876716476,0.18319161231734502
GOOGL,2018-12-31,39276000000,21358000000,8203000000,8948000000,0.5437926469090538,0.2088552805784703,0.22782360729198492
GOOGL,2018-09-30,33740000000,19459000000,8625000000,9192000000,0.5767338470657972,0.2556312981624185,0.2724362774155305
GOOGL,2018-06-30,32657000000,18774000000,3045000000,3195000000,0.5748844045686989,0.09324187769850262,0.09783507364424167
GOOGL,2018-03-31,31146000000,17679000000,7633000000,9401000000,0.5676170294740898,0.24507159827907277,0.30183651191164196
GOOGL,2017-12-31,32323000000,18056000000,7664000000,-3020000000,0.5586115150202642,0.23710670420443647,-0.09343192154193608
GOOGL,2017-09-30,27772000000,16624000000,7782000000,6732000000,0.5985885064093331,0.28021028373901774,0.2424024197032983
GOOGL,2017-06-30,26010000000,15637000000,4132000000,3524000000,0.6011918492887351,0.15886197616301423,0.13548635140330642
GOOGL,2017-03-31,24750000000,14955000000,6568000000,5426000000,0.6042424242424242,0.2653737373737374,0.21923232323232322
GOOGL,2016-12-31,26064000000,15403000000,6639000000,5333000000,0.5909683855125845,0.25471915285451197,0.20461172498465316
GOOGL,2016-09-30,22451000000,13752000000,5767000000,5061000000,0.6125339628524342,0.2568705180170148,0.22542425727139104
GOOGL,2016-06-30,21500000000,13370000000,5968000000,4877000000,0.621860465116279,0.2775813953488372,0.2268372093023256
GOOGL,2016-03-31,20257000000,12609000000,5342000000,4207000000,0.6224514982475193,0.2637113096707311,0.2076812953546922
GOOGL,2015-12-31,21329000000,13141000000,5380000000,4923000000,0.6161095222467063,0.25223873599324864,0.23081250879084814
GOOGL,2015-09-30,18675000000,11638000000,4708000000,3979000000,0.623186077643909,0.2521017402945114,0.21306559571619813
GOOGL,2015-06-30,17727000000,11144000000,4825000000,3931000000,0.6286455689061883,0.2721836746206352,0.22175212951994133
GOOGL,2015-03-31,17258000000,10902000000,4447000000,3515000000,0.6317070344188203,0.2576775987947619,0.20367365859311623
GOOGL,2014-12-31,18103000000,11182000000,4399000000,4757000000,0.6176876760757886,0.2429983980555709,0.26277412583549686
GOOGL,2014-09-30,16523000000,9828000000,3724000000,2739000000,0.5948072383949646,0.22538279973370454,0.16576892816074562
GOOGL,2014-06-30,15955000000,9841000000,4258000000,3351000000,0.6167972422438107,0.26687558759009716,0.21002820432466313
GOOGL,2014-03-31,15420000000,9459000000,4115000000,3452000000,0.6134241245136187,0.26686121919584954,0.2238651102464332
GOOGL,2013-12-31,16858000000,9420000000,3922000000,3376000000,0.5587851465179736,0.23264918732945783,0.2002610036777791
GOOGL,2013-09-30,13754000000,8345000000,3761000000,2970000000,0.6067325868838156,0.27344772429838593,0.21593718191071687
GOOGL,2013-06-30,13107000000,7912000000,3465000000,3228000000,0.6036469062333104,0.2643625543602655,0.24628061341268026
GOOGL,2013-03-31,12951000000,7815000000,3748000000,3346000000,0.6034283066944638,0.28939850204617407,0.2583584279206239
GOOGL,2012-12-31,13215000000,7937000000,3432000000,2886000000,0.6006053726825576,0.2597048808172531,0.21838819523269012
GOOGL,2012-09-30,13304000000,7349000000,2740000000,2176000000,0.5523902585688515,0.20595309681298857,0.1635598316295851
GOOGL,2012-06-30,11807000000,7130000000,3237000000,2785000000,0.6038790547980012,0.27415939696790037,0.2358770221055306
GOOGL,2012-03-31,10645000000,6856000000,3389000000,2890000000,0.6440582433067168,0.3183654297792391,0.271488961953969
GOOGL,2011-12-31,10583000000,6880000000,3507000000,2704000000,0.6500992157233298,0.3313805159217613,0.2555041103656808
GOOGL,2011-09-30,9720000000,6342000000,3058000000,2729000000,0.6524691358024691,0.3146090534979424,0.280761316872428
GOOGL,2011-06-30,9026000000,5854000000,2881000000,2505000000,0.6485707954797253,0.31918900952803014,0.27753157544870377
GOOGL,2011-03-31,8575000000,5639000000,2296000000,1798000000,0.6576093294460641,0.2677551020408163,0.2096793002915452
GOOGL,2010-12-31,8440000000,5494000000,2982000000,2543000000,0.6509478672985782,0.3533175355450237,0.301303317535545
GOOGL,2010-09-30,7286000000,4734000000,2547000000,2167000000,0.6497392259127093,0.34957452648915727,0.2974197090310184
GOOGL,2010-06-30,6820000000,4353000000,2365000000,1840000000,0.6382697947214077,0.3467741935483871,0.2697947214076246
GOOGL,2010-03-31,6775000000,4323000000,2488000000,1955000000,0.6380811808118081,0.3672324723247232,0.28856088560885607
GOOGL,2009-12-31,6673863000,4265463000,2480983000,1974100000,0.6391295416163023,0.37174616859830656,0.29579570332804256
GOOGL,2009-09-30,5945000000,3719000000,2074000000,1639000000,0.6255677039529016,0.3488645920941968,0.2756938603868797
GOOGL,2009-06-30,5523000000,3415000000,1874000000,1485000000,0.6183233749773673,0.3393083469129097,0.2688756110809343
GOOGL,2009-03-31,5509000000,3407000000,1884000000,1423000000,0.6184425485569068,0.34198584135051735,0.2583045924850245
GOOGL,2008-12-31,5700950000,3510945000,1860205000,382442000,0.6158526210543857,0.32629737149071647,0.06708390706812023
GOOGL,2008-09-30,5541400000,3368010000,1647565000,1289938000,0.6077904500667701,0.29731926949868265,0.23278196845562493
GOOGL,2008-06-30,5367200000,3219625000,1577965000,1247391000,0.5998705097630049,0.29400152779847966,0.23241000894321062
GOOGL,2008-03-31,5186000000,3075464000,1546235000,1307086000,0.5930320092556884,0.2981556112610875,0.2520412649440802
GOOGL,2007-12-31,4826686000,2870862000,1440734000,1206449000,0.5947894683847261,0.29849341763686305,0.24995390211834786
GOOGL,2007-09-30,4231400000,2568821000,1317842000,1069989000,0.6070853618187834,0.31144349387909437,0.25286879047123884
GOOGL,2007-06-30,3872000000,2311745000,1104615000,925120000,0.5970415805785124,0.2852827995867769,0.23892561983471075
GOOGL,2007-03-31,3664000000,2193574000,1221209000,1002162000,0.5986828602620088,0.3332993995633188,0.27351582969432314
GOOGL,2006-12-31,3205498000,1922350000,1060594000,1030717000,0.5997040085503095,0.3308671538712549,0.32154660523887396
GOOGL,2006-09-30,2689700000,1640972000,931331000,733361000,0.6100948061122058,0.34625831877161023,0.27265531471911364
GOOGL,2006-06-30,2456000000,1466968000,815372000,721077000,0.597299674267101,0.33199185667752446,0.2935981270358306
GOOGL,2006-03-31,2253800000,1349681000,742699000,592291000,0.5988468364539888,0.32953190167716745,0.2627966101694915
GOOGL,2005-12-31,1919092000,1143711000,569639000,372208000,0.5959646541176765,0.2968273537693868,0.19395005554710248
GOOGL,2005-09-30,1578456000,923302000,529171000,381182000,0.5849399666509552,0.33524596187666933,0.24149041848489916
NVDA,2025-10-31,57006000000,41849000000,36010000000,31910000000,0.7341157071185489,0.6316878925025436,0.5597656387046978
NVDA,2025-07-31,46743000000,33853000000,28440000000,26422000000,0.724236784117408,0.6084333483088377,0.5652611086151937
NVDA,2025-04-30,44062000000,26668000000,21638000000,18775000000,0.6052380736235304,0.49108074985248057,0.4261041260042667
NVDA,2025-01-31,39331000000,28723000000,24034000000,22091000000,0.7302890849457171,0.6110701482291322,0.5616689125626096
NVDA,2024-10-31,35082000000,26156000000,21869000000,19309000000,0.7455675275069836,0.6233681090017673,0.550396214582977
NVDA,2024-07-31,30040000000,22574000000,18642000000,16599000000,0.7514647137150466,0.620572569906791,0.5525632490013316
NVDA,2024-04-30,26044000000,20406000000,16909000000,14881000000,0.7835201965903855,0.6492474274305022,0.5713792044232837
NVDA,2024-01-31,22103000000,16791000000,13614000000,12285000000,0.759670632945754,0.6159344885309687,0.5558069040401755
NVDA,2023-10-31,18120000000,13400000000,10417000000,9243000000,0.739514348785872,0.5748896247240618,0.5100993377483444
NVDA,2023-07-31,13507000000,9462000000,6800000000,6188000000,0.7005256533649219,0.5034426593618124,0.45813282001924927
NVDA,2023-04-30,7192000000,4648000000,2140000000,2043000000,0.646273637374861,0.2975528364849833,0.2840656284760845
NVDA,2023-01-31,6051000000,3833000000,1256000000,1414000000,0.6334490166914559,0.20756899686002314,0.2336803834077012
NVDA,2022-10-31,5931000000,3177000000,601000000,680000000,0.5356600910470409,0.10133198448828191,0.114651829371101
NVDA,2022-07-31,6704000000,2915000000,499000000,656000000,0.4348150357995227,0.07443317422434367,0.09785202863961814
NVDA,2022-04-30,8288000000,5431000000,1868000000,1618000000,0.655284749034749,0.22538610038610038,0.19522200772200773
NVDA,2022-01-31,7643000000,4999000000,2970000000,3003000000,0.6540625408870863,0.3885908674604213,0.3929085437655371
NVDA,2021-10-31,7103000000,4631000000,2671000000,2464000000,0.6519780374489652,0.3760382936787273,0.3468956778825848
NVDA,2021-07-31,6507000000,4215000000,2444000000,2374000000,0.6477639465191333,0.3755955125249731,0.3648378669125557
NVDA,2021-04-30,5661000000,3629000000,1956000000,1912000000,0.6410528175234057,0.3455219925808161,0.33774951422010246
NVDA,2021-01-31,5003000000,3156000000,1507000000,1457000000,0.6308215070957426,0.30121926843893665,0.29122526484109534
NVDA,2020-10-31,4726000000,2960000000,1398000000,1336000000,0.6263224714346171,0.2958104104951333,0.28269149386373255
NVDA,2020-07-31,3866000000,2275000000,651000000,622000000,0.5884635281945163,0.16839110191412313,0.16088980858768753
NVDA,2020-04-30,3080000000,2004000000,976000000,917000000,0.6506493506493507,0.3168831168831169,0.29772727272727273
NVDA,2020-01-31,3105000000,2015000000,990000000,951000000,0.6489533011272142,0.3188405797101449,0.30628019323671496
NVDA,2019-10-31,3014000000,1916000000,927000000,899000000,0.6357000663570007,0.30756469807564696,0.2982747179827472
NVDA,2019-07-31,2579000000,1541000000,571000000,552000000,0.5975184179914695,0.22140364482357502,0.2140364482357503
NVDA,2019-04-30,2220000000,1296000000,358000000,394000000,0.5837837837837838,0.16126126126126125,0.17747747747747747
NVDA,2019-01-31,2205000000,1207000000,294000000,566000000,0.5473922902494331,0.13333333333333333,0.2566893424036281
NVDA,2018-10-31,3181000000,1921000000,1058000000,1230000000,0.6038981452373468,0.33259981138006917,0.3866708582206853
NVDA,2018-07-31,3123000000,1975000000,1157000000,1101000000,0.6324047390329811,0.37047710534742234,0.3525456292026897
NVDA,2018-04-30,3207000000,2068000000,1295000000,1244000000,0.6448394137823511,0.40380417835983784,0.38790146554412225
NVDA,2018-01-31,2911000000,1801000000,1073000000,1119000000,0.6186877361731363,0.3686018550326348,0.3844039848849193
NVDA,2017-10-31,2636000000,1569000000,895000000,838000000,0.5952200303490136,0.33952959028831564,0.3179059180576631
NVDA,2017-07-31,2230000000,1302000000,688000000,583000000,0.5838565022421525,0.30852017937219733,0.26143497757847534
NVDA,2017-04-30,1937000000,1150000000,554000000,507000000,0.5937016004130098,0.28600929272070214,0.26174496644295303
NVDA,2017-01-31,2173000000,1303000000,733000000,654000000,0.5996318453750575,0.3373216751035435,0.300966405890474
NVDA,2016-10-31,2004000000,1183000000,639000000,542000000,0.5903193612774451,0.3188622754491018,0.27045908183632733
NVDA,2016-07-31,1428000000,826000000,317000000,261000000,0.5784313725490197,0.22198879551820727,0.18277310924369747
NVDA,2016-04-30,1305000000,751000000,245000000,208000000,0.5754789272030651,0.18773946360153257,0.15938697318007664
NVDA,2016-01-31,1401000000,791000000,252000000,208000000,0.5645967166309779,0.17987152034261242,0.14846538187009278
NVDA,2015-10-31,1305000000,734000000,245000000,246000000,0.5624521072796935,0.18773946360153257,0.18850574712643678
NVDA,2015-07-31,1153000000,634000000,76000000,26000000,0.5498699045967043,0.06591500433651344,0.022549869904596703
NVDA,2015-04-30,1151000000,653000000,176000000,134000000,0.5673327541268463,0.1529105125977411,0.11642050390964379
NVDA,2015-01-31,1250514000,699603000,231136000,193128000,0.5594523531923673,0.18483279675397477,0.15443889472648847
NVDA,2014-10-31,1225000000,676000000,213000000,173000000,0.5518367346938775,0.17387755102040817,0.14122448979591837
NVDA,2014-07-31,1103000000,619000000,163000000,128000000,0.5611967361740707,0.14777878513145964,0.11604714415231188
NVDA,2014-04-30,1103000000,604000000,151000000,137000000,0.5475974614687217,0.13689936536718042,0.1242067089755213
NVDA,2014-01-31,1144218000,619242000,166924000,146917000,0.541192325238722,0.14588478768905924,0.12839948331524237
NVDA,2013-10-31,1053967000,584415000,140988000,118734000,0.5544907952526028,0.13376889409250953,0.11265438101951959
NVDA,2013-07-31,977238000,545538000,105534000,96448000,0.5582447673954554,0.10799211655707207,0.09869448384119324
NVDA,2013-04-30,954739000,518568000,82781000,77891000,0.5431515838360013,0.08670537183460611,0.08158355320145087
NVDA,2013-01-31,1106902000,585602000,183573000,173973000,0.5290459317988404,0.16584395005158542,0.1571710955441403
NVDA,2012-10-31,1204110000,636658000,252217000,209080000,0.52873740771192,0.209463421116011,0.1736386210562158
NVDA,2012-07-31,1044270000,540719000,139623000,119046000,0.5177961638273627,0.1337039271452785,0.11399925306673561
NVDA,2012-04-30,924877000,463364000,72826000,60437000,0.5010006736030845,0.07874128127307739,0.06534598654740036
NVDA,2012-01-31,953194000,490013000,122317000,116025000,0.5140747843565948,0.12832330039844983,0.12172233564206238
NVDA,2011-10-31,1066180000,556717000,197090000,178273000,0.5221604231930819,0.18485621564838958,0.16720722579676978
NVDA,2011-07-31,1016517000,525284000,174030000,151573000,0.5167488590943388,0.17120225239715617,0.14911014769059444
NVDA,2011-04-30,962039000,484503000,154862000,135219000,0.5036209550756259,0.16097268405958595,0.14055459290111938
NVDA,2011-01-31,886376000,426359000,179778000,171651000,0.48101370073196925,0.20282363240881973,0.19365483722483462
NVDA,2010-10-31,843912000,392062000,103783000,84862000,0.46457687531401376,0.12297846220932988,0.10055787807259525
NVDA,2010-07-31,811208000,134292000,-175207000,-140961000,0.16554570467746865,-0.21598283054407746,-0.17376677744795416
NVDA,2010-04-30,1001813000,456377000,147393000,137594000,0.4555510858812972,0.147126260090456,0.13734499352673601
NVDA,2010-01-31,982488000,438721000,134282000,131076000,0.4465408228904577,0.13667546066720407,0.13341231648630822
NVDA,2009-10-31,903206000,391783000,107845000,107577000,0.43376926194024396,0.1194024397535003,0.11910571896112293
NVDA,2009-07-31,776520000,156723000,-110107000,-105302000,0.2018273837119456,-0.14179544635038377,-0.13560758254777727
NVDA,2009-04-30,664231000,189696000,-230965000,-201338000,0.28558739354230683,-0.34771788730125514,-0.30311442856476134
NVDA,2009-01-31,481140000,141666000,-175083000,-147665000,0.29443820925302405,-0.3638920064845991,-0.30690651369663713
NVDA,2008-10-31,897655000,367843000,56796000,61748000,0.4097821546139664,0.06327152413789262,0.06878812015752155
NVDA,2008-07-31,892676000,149917000,-155392000,-120929000,0.1679411118927808,-0.17407435620538694,-0.13546796374048367
NVDA,2008-04-30,1153388000,514843000,202979000,176805000,0.44637450710428755,0.17598501111508008,0.1532918670906928
NVDA,2008-01-31,1202730000,549597000,262499000,256993000,0.4569579207303385,0.21825264190632976,0.21367472333773999
NVDA,2007-10-31,1115597000,515553000,247841000,235661000,0.4621319347398747,0.22215997353883168,0.2112420524615968
NVDA,2007-07-31,935253000,423992000,184760000,172732000,0.4533447099341034,0.19755082314625028,0.18469013197498432
NVDA,2007-04-30,844280000,380138000,141246000,132259000,0.450251101530298,0.16729757900222675,0.15665300611171648
NVDA,2007-01-31,878873000,385706000,138514000,163506000,0.4388643182803431,0.1576041134498386,0.18604053145334992
NVDA,2006-10-31,820572000,333942000,117613000,106511000,0.4069624603325485,0.14333050603725206,0.12980091935869126
NVDA,2006-07-31,687500000,292100000,95800000,86800000,0.4248727272727273,0.13934545454545455,0.12625454545454545
NVDA,2006-04-30,681807000,288757000,100685000,90676000,0.4235172123489492,0.14767375518291834,0.13299364776248998
NVDA,2006-01-31,633614000,254940000,112342000,98052000,0.4023585337445195,0.17730353180327454,0.15475036852089757
NVDA,2005-10-31,583415000,227995000,69572000,64447000,0.39079386028813107,0.1192495907715777,0.11046510631368751
